@misc{vast2014,
  title = {VAST Chellenge 2014},
  howpublished = {\url{http://www.vacommunity.org/VAST+Challenge+2014}},
  author = {VA Community},
  year = 2014
}

@misc{vast2014mc2,
  title = {VAST Challenge 2014: Mini-Challenge 2},
  howpublished = {\url{http://www.vacommunity.org/VAST+Challenge+2014%3A+Mini-Challenge+2}},
  author = {VA Community},
  year = 2014
}

@misc{flask,
  title = {Flask},
  howpublished = {\url{http://flask.pocoo.org/}},
  author = {Ronacher, Armin},
  year = 2016
}

@misc{flask-restful,
  title = {Flask RESTful},
  howpublished = {\url{http://flask-restful-cn.readthedocs.io/en/0.3.5/}},
  author = {Burke, Kevin and Conroy, Kyle and Horn, Ryan and Stratton, Frank and Binet, Guillaume},
  year = 2015
}

@misc{knexjs,
  title = {Knex.js - A SQL Query Builder for Javascript},
  howpublished = {\url{http://knexjs.org/}},
  author = {Tim Griesser},
  year = 2016
}

@misc{topojson-spec,
  title = {The TopoJSON Format Specification},
  howpublished = {\url{https://github.com/mbostock/topojson-specification/blob/master/README.md}},
  author = {Bostock, Mike and Metcalf, Calvin},
  year = 2013
}

@misc{backbone,
  title = {Backbone.js},
  howpublished = {\url{http://backbonejs.org/}},
  author = {Ashkenas, Jeremy and DocumentCloud},
  year = 2016
}

@misc{bookshelf,
  title = {Bookshelf.js},
  howpublished = {\url{http://bookshelfjs.org/}},
  author = {Griesser, Tim},
  year = 2014
}

@INPROCEEDINGS{middguard-dinofunworld,
  author={C. Andrews and J. Billings},
  booktitle={Visual Analytics Science and Technology (VAST), 2015 IEEE Conference on},
  title={Middguard at dinofun world},
  year={2015},
  pages={129-130},
  keywords={H.5.2 [INFORMATION INTERFACES AND PRESENTATION]: User Interfaces???Theory and methods},
  doi={10.1109/VAST.2015.7347644},
  month={Oct}
}

@misc{mdn-websockets,
  title = {WebSockets - Web APIs | MDN},
  howpublished = {\url{https://developer.mozilla.org/en-US/docs/Web/API/WebSockets_API}},
  year = 2016,
  author = {Mozilla Developer Network and individual contributors}
}

@misc{nodejs,
  title = {About | Node.js},
  howpublished = {\url{https://nodejs.org/en/about/}},
  year = 2016,
  author = {Node.js Foundation}
}

@techreport{RFC6455,
  author = {I. Fette and A. Melnikov},
  title = {The WebSocket Protocol},
  howpublished = {Internet Requests for Comments},
  type = {RFC},
  number = {6455},
  year = {2011},
  month = {December},
  issn = {2070-1721},
  publisher = {RFC Editor},
  institution = {RFC Editor},
  url = {http://www.rfc-editor.org/rfc/rfc6455.txt},
  note = {\url{http://www.rfc-editor.org/rfc/rfc6455.txt}},
}

@book{illuminate,
  author = {Thomas, James J. and Cook, Kristin A.},
  description = {Illuminating the Path: The Research and Development Agenda for Visual Analytics},
  howpublished = {Paperback},
  isbn = {0769523234},
  keywords = {data discursion interaction reasoning security visualanalytics visualization},
  posted-at = {2009-01-29 18:47:02},
  publisher = {National Visualization and Analytics Ctr},
  timestamp = {2012-06-20T10:04:28.000+0200},
  title = {Illuminating the Path: The Research and Development Agenda for Visual Analytics},
  url = {http://www.amazon.com/exec/obidos/redirect?tag=citeulike07-20\&path=ASIN/0769523234},
  year = 2005
}

@article{Stasko:2008:JSI:1466620.1466622,
 author = {Stasko, John and G\"{o}rg, Carsten and Liu, Zhicheng},
 title = {Jigsaw: Supporting Investigative Analysis Through Interactive Visualization},
 journal = {Information Visualization},
 issue_date = {April 2008},
 volume = {7},
 number = {2},
 month = apr,
 year = {2008},
 issn = {1473-8716},
 pages = {118--132},
 numpages = {15},
 url = {http://dx.doi.org/10.1145/1466620.1466622},
 doi = {10.1145/1466620.1466622},
 acmid = {1466622},
 publisher = {Palgrave Macmillan},
 keywords = {information visualization, intelligence analysis, investigative analysis, multiple views, sense-making, visual analytics},
}

@inproceedings{weaver-2004a,
	Address = {Austin, TX},
	Author = {Chris Weaver},
	Booktitle = {Proceedings of the IEEE Symposium on Information Visualization ({InfoVis})},
	Doi = {10.1109/INFVIS.2004.12},
	Month = {October},
	Pages = {159--166},
	Publisher = {IEEE Computer Society},
	Title = {Building Highly-Coordinated Visualizations in {I}mprovise},
	Year = {2004}
}

@INPROCEEDINGS{7347662,
author={Liu Bin and Chen Gang},
booktitle={Visual Analytics Science and Technology (VAST), 2015 IEEE Conference on},
title={Eagleyes: Performing data analysis using an interactive dataflow},
year={2015},
pages={165-166},
keywords={Communication networks;Computer architecture;Data analysis;Data visualization;Fluctuations;Visual analytics},
doi={10.1109/VAST.2015.7347662},
month={Oct},}

@article{2011-d3,
  title = {D3: Data-Driven Documents},
  author = {Michael Bostock AND Vadim Ogievetsky AND Jeffrey Heer},
  journal = {IEEE Trans. Visualization \& Comp. Graphics (Proc. InfoVis)},
  year = {2011},
  url = {http://vis.stanford.edu/papers/d3}
}
